<record><leader>00000cas a2200000 a 4500</leader><controlfield tag="001">25809121</controlfield><controlfield tag="008">920513c19569999iluwr ne      0   a0eng c</controlfield><datafield ind1=" " ind2=" " tag="010"><subfield code="a">sn 92053255 </subfield></datafield><datafield ind1=" " ind2=" " tag="040"><subfield code="a">NVF</subfield><subfield code="b">eng</subfield><subfield code="c">NVF</subfield><subfield code="d">OCLCQ</subfield><subfield code="d">CVF</subfield><subfield code="d">NVF</subfield><subfield code="d">OCLCQ</subfield><subfield code="d">OCLCF</subfield><subfield code="d">OCLCO</subfield><subfield code="d">NVF</subfield></datafield><datafield ind1=" " ind2=" " tag="042"><subfield code="a">pcc</subfield></datafield><datafield ind1=" " ind2=" " tag="043"><subfield code="a">n-us-il</subfield></datafield><datafield ind1="0" ind2=" " tag="130"><subfield code="a">Mendota reporter (Mendota, Ill. : 1956)</subfield></datafield><datafield ind1="1" ind2="4" tag="245"><subfield code="a">The Mendota reporter.</subfield></datafield><datafield ind1="1" ind2="3" tag="246"><subfield code="a">Mendota reporter and the Mendota sun-bulletin</subfield><subfield code="f">1956-Mar. 2, 1972</subfield></datafield><datafield ind1="3" ind2=" " tag="246"><subfield code="a">Mendota reporter and the Mendota sun bulletin</subfield></datafield><datafield ind1=" " ind2=" " tag="260"><subfield code="a">Mendota, Ill. :</subfield><subfield code="b">Leiser and Leiser,</subfield><subfield code="c">1956-</subfield></datafield><datafield ind1=" " ind2=" " tag="300"><subfield code="a">v.</subfield></datafield><datafield ind1=" " ind2=" " tag="310"><subfield code="a">Weekly</subfield></datafield><datafield ind1="0" ind2=" " tag="362"><subfield code="a">Vol. no. 38, no. 9 (Mar. 1, 1956)-</subfield></datafield><datafield ind1=" " ind2="0" tag="651"><subfield code="a">Mendota (Ill.)</subfield><subfield code="v">Newspapers.</subfield></datafield><datafield ind1=" " ind2="7" tag="651"><subfield code="a">Illinois</subfield><subfield code="z">Mendota.</subfield><subfield code="2">fast</subfield><subfield code="0">(OCoLC)fst01238228</subfield></datafield><datafield ind1=" " ind2="7" tag="655"><subfield code="a">Newspapers.</subfield><subfield code="2">fast</subfield><subfield code="0">(OCoLC)fst01423814</subfield></datafield><datafield ind1=" " ind2=" " tag="752"><subfield code="a">United States</subfield><subfield code="b">Illinois</subfield><subfield code="c">La Salle</subfield><subfield code="d">Mendota.</subfield></datafield><datafield ind1="0" ind2="0" tag="780"><subfield code="t">Mendota reporter and the Mendota sun-bulletin</subfield><subfield code="w">(DLC)sn 82015328</subfield><subfield code="w">(OCoLC)8818113</subfield></datafield><datafield ind1="1" ind2=" " tag="029"><subfield code="a">AU@</subfield><subfield code="b">000020743042</subfield></datafield></record>